<record><leader>00000cas a2200000 a 4500</leader><controlfield tag="001">10787573</controlfield><controlfield tag="008">840530d19741986iludn ne      0   a0eng c</controlfield><datafield ind1=" " ind2=" " tag="010"><subfield code="a">sn 84005437 </subfield></datafield><datafield ind1=" " ind2=" " tag="040"><subfield code="a">NSD</subfield><subfield code="b">eng</subfield><subfield code="c">NSD</subfield><subfield code="d">OCL</subfield><subfield code="d">NVF</subfield><subfield code="d">OCLCQ</subfield><subfield code="d">OCLCF</subfield><subfield code="d">NVF</subfield><subfield code="d">OCLCO</subfield></datafield><datafield ind1="1" ind2=" " tag="022"><subfield code="a">0747-377X</subfield><subfield code="l">0747-377X</subfield><subfield code="2">1</subfield></datafield><datafield ind1="1" ind2=" " tag="029"><subfield code="a">AU@</subfield><subfield code="b">000024456910</subfield></datafield><datafield ind1=" " ind2=" " tag="032"><subfield code="a">143600</subfield><subfield code="b">USPS</subfield></datafield><datafield ind1=" " ind2=" " tag="042"><subfield code="a">pcc</subfield><subfield code="a">nsdp</subfield></datafield><datafield ind1=" " ind2=" " tag="043"><subfield code="a">n-us-il</subfield></datafield><datafield ind1="0" ind2=" " tag="130"><subfield code="a">Journal gazette (Mattoon, Ill.)</subfield></datafield><datafield ind1=" " ind2="0" tag="222"><subfield code="a">Journal gazette</subfield><subfield code="b">(Mattoon, Ill.)</subfield></datafield><datafield ind1="1" ind2="0" tag="245"><subfield code="a">Journal gazette.</subfield></datafield><datafield ind1="1" ind2="7" tag="246"><subfield code="a">Mattoon (Ill.) journal gazette</subfield></datafield><datafield ind1="1" ind2=" " tag="246"><subfield code="i">Published on Saturdays as:</subfield><subfield code="a">Weekend journal gazette</subfield><subfield code="f">Sept. 8, 1984-1986</subfield></datafield><datafield ind1="3" ind2=" " tag="246"><subfield code="a">Mattoon (Illinois) journal gazette</subfield></datafield><datafield ind1="3" ind2=" " tag="246"><subfield code="a">Mattoon Illinoios journal gazette</subfield></datafield><datafield ind1=" " ind2=" " tag="260"><subfield code="a">Mattoon, Ill. :</subfield><subfield code="b">Coles Publishers, Inc.,</subfield><subfield code="c">1974-1986.</subfield></datafield><datafield ind1=" " ind2=" " tag="310"><subfield code="a">Daily (except Sunday and general legal holidays)</subfield></datafield><datafield ind1="0" ind2=" " tag="362"><subfield code="a">100th year, [no.] 251 (Nov. 11, 1974)-112th year, no. 222 (Oct. 10, 1986).</subfield></datafield><datafield ind1=" " ind2=" " tag="500"><subfield code="a">July 2, 1976 issue called also: Bicentennial edition.</subfield></datafield><datafield ind1=" " ind2=" " tag="525"><subfield code="a">Includes year-end supplements.</subfield></datafield><datafield ind1=" " ind2="0" tag="651"><subfield code="a">Mattoon (Ill.)</subfield><subfield code="v">Newspapers.</subfield></datafield><datafield ind1=" " ind2="7" tag="651"><subfield code="a">Illinois</subfield><subfield code="z">Mattoon.</subfield><subfield code="2">fast</subfield><subfield code="0">(OCoLC)fst01217883</subfield></datafield><datafield ind1=" " ind2="7" tag="655"><subfield code="a">Newspapers.</subfield><subfield code="2">fast</subfield><subfield code="0">(OCoLC)fst01423814</subfield></datafield><datafield ind1=" " ind2=" " tag="752"><subfield code="a">United States</subfield><subfield code="b">Illinois</subfield><subfield code="c">Coles</subfield><subfield code="d">Mattoon.</subfield></datafield><datafield ind1="0" ind2="0" tag="780"><subfield code="t">Mattoon Illinois journal gazette</subfield><subfield code="w">(DLC)sn 90054916</subfield><subfield code="w">(OCoLC)21488485</subfield></datafield><datafield ind1="0" ind2="0" tag="785"><subfield code="t">Mattoon journal gazette (Mattoon, Ill. : 1986)</subfield><subfield code="w">(DLC)sn 90054917</subfield><subfield code="w">(OCoLC)21488780</subfield></datafield></record>